@ARTICLE{WP,
   author = {{Wanderman}, D. and {Piran}, T.},
    title = "{The luminosity function and the rate of Swift's gamma-ray 
bursts}",
  journal = {\mnras},
archivePrefix = "arXiv",
   eprint = {0912.0709},
 primaryClass = "astro-ph.HE",
 keywords = {gamma-ray burst: general, stars: formation},
     year = 2010,
    month = aug,
   volume = 406,
    pages = {1944-1958},
      doi = {10.1111/j.1365-2966.2010.16787.x},
   adsurl = {http://adsabs.harvard.edu/abs/2010MNRAS.406.1944W},
  adsnote = {Provided by the SAO/NASA Astrophysics Data System}
}

@ARTICLE{HC,
   author = {{Howell}, E.~J. and {Coward}, D.~M. and {Stratta}, G. and {Gendre}, 
B. and 
	{Zhou}, H.},
    title = "{Constraining the rate and luminosity function of Swift gamma-ray 
bursts}",
  journal = {\mnras},
archivePrefix = "arXiv",
   eprint = {1407.2333},
 primaryClass = "astro-ph.HE",
 keywords = {methods: data analysis, gamma-ray burst: general, supernovae: 
general, cosmology: miscellaneous},
     year = 2014,
    month = oct,
   volume = 444,
    pages = {15-28},
      doi = {10.1093/mnras/stu1403},
   adsurl = {http://adsabs.harvard.edu/abs/2014MNRAS.444...15H},
  adsnote = {Provided by the SAO/NASA Astrophysics Data System}
}


@ARTICLE{lowlumgrbs,
   author = {{Murase}, K. and {Ioka}, K.},
    title = "{TeV-PeV Neutrinos from Low-Power Gamma-Ray Burst Jets inside 
Stars}",
  journal = {Physical Review Letters},
archivePrefix = "arXiv",
   eprint = {1306.2274},
 primaryClass = "astro-ph.HE",
 keywords = {Neutrino muon pion and other elementary particles, cosmic rays, 
Supernovae, gamma-ray sources, gamma-ray bursts},
     year = 2013,
    month = sep,
   volume = 111,
   number = 12,
      eid = {121102},
    pages = {121102},
      doi = {10.1103/PhysRevLett.111.121102},
   adsurl = {http://adsabs.harvard.edu/abs/2013PhRvL.111l1102M},
  adsnote = {Provided by the SAO/NASA Astrophysics Data System}
}

@ARTICLE{AB,
   author = {{Ando}, S. and {Beacom}, J.~F.},
    title = "{Revealing the Supernova Gamma-Ray Burst Connection with TeV 
Neutrinos}",
  journal = {Physical Review Letters},
   eprint = {astro-ph/0502521},
 keywords = {Supernovae, gamma-ray sources, gamma-ray bursts, Cosmic rays},
     year = 2005,
    month = aug,
   volume = 95,
   number = 6,
      eid = {061103},
    pages = {061103},
      doi = {10.1103/PhysRevLett.95.061103},
   adsurl = {http://adsabs.harvard.edu/abs/2005PhRvL..95f1103A},
  adsnote = {Provided by the SAO/NASA Astrophysics Data System}
}